<?xml version="1.0" encoding="UTF-8"?><collection xmlns="http://www.loc.gov/MARC21/slim"><record><leader>00476nam--2200169-u-4500</leader><controlfield tag="001">000056314</controlfield><controlfield tag="002">20161230</controlfield><controlfield tag="005">20161230201052</controlfield><controlfield tag="008">150609s1000------------r-----000-0-eng-d</controlfield><datafield ind1=" " ind2=" " tag="040"><subfield code="a">IFIN-HH</subfield></datafield><datafield ind1="1" ind2=" " tag="100"><subfield code="a">Sutherland, W.A</subfield></datafield><datafield ind1="1" ind2="0" tag="245"><subfield code="a">Introduction to metric and topological spaces</subfield><subfield code="c">W.a. sutherland</subfield></datafield><datafield ind1=" " ind2=" " tag="260"><subfield code="a">Oxford</subfield><subfield code="b">Oxford University Press</subfield><subfield code="c">2006</subfield></datafield><datafield ind1=" " ind2=" " tag="300"><subfield code="a">XIII+181P</subfield></datafield><datafield ind1=" " ind2=" " tag="490"><subfield code="a">Oxford Science Publications</subfield></datafield><datafield ind1=" " ind2=" " tag="852"><subfield code="a">82398</subfield><subfield code="c">513.83</subfield></datafield><datafield ind1=" " ind2=" " tag="CAT"><subfield code="a">Sys</subfield><subfield code="c">20150610</subfield><subfield code="h">095342</subfield></datafield></record></collection>